@MANUAL{pkuthss,
  AUTHOR = "CasperVector",
  TITLE = "北京大学论文文档模版~v1.2 beta",
  VERSION = "v1.2 beta",
  YEAR = "2010"
}
@MANUAL{SCUDissertationFormat,
  AUTHOR = "四川大学研究生院",
  TITLE = "四川大学硕士、博士学位论文格式",
  YEAR = "2009",
  URL = "http://gs.scu.edu.cn/DownLoadView.aspx?ID=12"
}
@MANUAL{Packages_amsfonts,
  AUTHOR = "\AmS",
  TITLE = "User's Guide to \AmS-Fonts Version 2.2d",
  YEAR = "2002",
  VERSION = "2.2d",
  URL = "https://mirrors.tuna.tsinghua.edu.cn/CTAN/fonts/amsfonts/doc/amsfndoc.pdf"
  }
@MANUAL{Packages_amsmath,
  AUTHOR = "\AmS",
  TITLE = "User’s Guide for the amsmath Package",
  YEAR = "1999",
  VERSION = "2.0",
  URL = "ftp://ftp.ams.org/pub/tex/doc/amsmath/amsldoc.pdf"
  }
@MANUAL{Packages_amssymb,
  AUTHOR = "\AmS",
  TITLE = "The amssymb package",
  YEAR = "2013",
  VERSION = "3.01",
  URL = "ftp://ftp.dante.de/tex-archive/fonts/amsfonts/doc/amssymb.pdf"
  }
@MANUAL{Packages_amsthm,
  AUTHOR = "\AmS",
  TITLE = "Using the amsthm Package",
  YEAR = "2015",
  VERSION = "2.20.2",
  URL = "ftp://ftp.ams.org/pub/tex/doc/amscls/amsthdoc.pdf"
  }
@MANUAL{Packages_anysize,
  AUTHOR = "Dirk Hillbrecht",
  TITLE = "anysize.sty — to set the margin sizes in \LaTeX",
  YEAR = "1994",
  VERSION = "1.0",
  URL = "http://texdoc.net/texmf-dist/doc/latex/anysize/anysize.pdf"
  }
@MANUAL{Packages_booktabs,
  AUTHOR = "Simon Fear",
  TITLE = "Publication quality tables in \LaTeX",
  YEAR = "2005",
  VERSION = "1.61803",
  URL = "http://cs.brown.edu/about/system/managed/latex/doc/booktabs.pdf"
  }
@MANUAL{Packages_caption2,
  AUTHOR = "Axel Sommerfeldt",
  TITLE = "Anpassen der Abbildungs- und Tabellenbeschriftungen",
  YEAR = "2011",
  URL = "ftp://ftp.dante.de/tex-archive/macros/latex/contrib/caption/caption-deu.pdf"
  }
@MANUAL{Packages_CTeX,
  AUTHOR = "ctex.org",
  TITLE = "\CTeX~宏集手册",
  YEAR = "2016",
  VERSION = "2.3",
  URL = "http://mirror.unl.edu/ctan/language/chinese/ctex/ctex.pdf"
  }
@MANUAL{Packages_enumitem,
  AUTHOR = "Javier Bezos",
  TITLE = "Customizing lists with the enumitem package",
  YEAR = "2011",
  VERSION = "3.5.2",
  URL = "http://texdoc.net/texmf-dist/doc/latex/enumitem/enumitem.pdf"
  }
@MANUAL{Packages_epstopdf,
  AUTHOR = "Heiko Oberdiek",
  TITLE = "The epstopdf package",
  YEAR = "2010",
  VERSION = "2.5",
  URL = "ftp://ftp.ctan.org/tex-archive/macros/latex/contrib/oberdiek/epstopdf.pdf"
  }
@MANUAL{Packages_float,
  AUTHOR = "Anselm Lingnau",
  TITLE = "An Improved Environment for Floats",
  YEAR = "2001",
  VERSION = "1.3d",
  URL = "http://www.ctex.org/documents/packages/float/float.pdf"
  }
@MANUAL{Packages_graphicx,
  AUTHOR = "D. P. Carlisle",
  TITLE = "Packages in the ‘graphics’ bundle",
  YEAR = "2014",
  URL = "http://mirrors.ustc.edu.cn/CTAN/macros/latex/required/graphics/grfguide.pdf"
  }
@MANUAL{Packages_hyperref,
  AUTHOR = "Sebastian Rahtz and Heiko Oberdiek",
  TITLE = "Hypertext marks in ~\LaTeX~: a manual for hyperref",
  YEAR = "2012",
  URL = "ftp://tug.ctan.org/tex-archive/macros/latex/contrib/hyperref/doc/manual.pdf"
  }
@MANUAL{Packages_ifthen,
  AUTHOR = "David Carlisle",
  TITLE = "The ifthen package",
  YEAR = "2014",
  VERSION = "1.1c",
  URL = "http://texdoc.net/texmf-dist/doc/latex/base/ifthen.pdf"
  }
@MANUAL{Packages_mathtools,
  AUTHOR = "Morten Høgholm and Lars Madsen",
  TITLE = "The mathtools package",
  YEAR = "2015",
  VERSION = "1.18",
  URL = "http://mirrors.ustc.edu.cn/CTAN/macros/latex/contrib/mathtools/mathtools.pdf"
  }
@MANUAL{Packages_natbib,
  AUTHOR = "Patrick W. Daly",
  TITLE = "Natural Sciences Citations and References",
  YEAR = "2010",
  VERSION = "8.31",
  URL = "http://www.ctex.org/documents/packages/bibref/natbib.pdf"
  }
@MANUAL{Packages_tocbibind,
  AUTHOR = "Peter Wilson and Herries Press",
  TITLE = "The tocbibind package",
  YEAR = "2010",
  VERSION = "1.5k",
  URL = "http://mirror.lzu.edu.cn/CTAN/macros/latex/contrib/tocbibind/tocbibind.pdf"
  }
@MANUAL{Packages_tocloft,
  AUTHOR = "Peter Wilson and Herries Press",
  TITLE = "The tocloft package",
  YEAR = "2013",
  VERSION = "2.3f",
  URL = "http://mirrors.ustc.edu.cn/CTAN/macros/latex/contrib/tocloft/tocloft.pdf"
  }
@MANUAL{Packages_cleveref,
  AUTHOR = "Toby Cubitt",
  TITLE = "The cleveref package",
  YEAR = "2013",
  VERSION = "0.19",
  URL = "http://tug.ctan.org/macros/latex2e/contrib/cleveref/cleveref.pdf"
  }
@BOOK{Book_LaTeXIntro,
  AUTHOR = "刘海洋",
  TITLE = "\LaTeX~入门",
  PUBLISHER = "中国电子工业出版社 Publishing House of Electronics Industry",
  YEAR = "2013",
  ADDRESS = "北京 Beijing",
  ISBN = "978-7-121-20208-7",
  LANGUAGE = "Chinese"
  }

@ARTICLE{Journal_Leo,
  AUTHOR = "Leo",
  JOURNAL = "Signal Processing",
  TITLE = "\LaTeX~ABC",
  YEAR = "2016",
  VOLUME = "3",
  PAGES = "112-118"
  }
