//**** 参考书 *******************************************************************************************
@book{SpringInAction,
author = "Craig Walls",
translator = "张卫滨",
isbn = "9787115417305",
title = "Spring 实战",
publisher = "人民邮电出版社",
year = "2015",
edition = "第四版",
pages = "22-26"
}
@book{SpringBootInAction,
title = "Spring Boot 实战",
author = "Craig Walls",
translator = "丁雪丰",
series = "图灵程序设计丛书",
publisher = "人民邮电出版社",
year = "2016.9",
isbn = "9787115433145",
edition = "第一版",
pages = "3"
}
@book{SpringDataJPA,
title = "Spring Data JPA从入门到精通",
author = "张振华",
isbn = "9787302499480",
publisher = "清华大学出版社",
year = "2018",
edition = "第一版",
pages = ""
}
@book{RESTfulService,
title = "Building a RESTful Web Service with Spring",
author = "Ludovic Dewailly",
isbn = "9781785285714",
publisher = "Packt Publishing Ltd",
year = "October 2015",
edition = "First published"
}

//**** Wikipedia *************************************************************************************

@misc{WikiJSON,
    author = "{Wikipedia contributors}",
    title = "JSON --- {Wikipedia}{,} The Free Encyclopedia",
    year = "2019",
    url = "https://en.wikipedia.org/w/index.php?title=JSON&oldid=893146243",
    note = "[Online; accessed 20-April-2019]"
  }
@misc{WikiMysql,
    author = "{Wikipedia contributors}",
    title = "MySQL --- {Wikipedia}{,} The Free Encyclopedia",
    year = "2019",
    howpublished = "\url{https://en.wikipedia.org/w/index.php?title=MySQL&oldid=892214983}",
    note = "[Online; accessed 20-April-2019]"
  }

@misc{WikiSpring,
    author = "{Wikipedia contributors}",
    title = "Spring Framework --- {Wikipedia}{,} The Free Encyclopedia",
    year = "2019",
    url = "https://en.wikipedia.org/w/index.php?title=Spring_Framework&oldid=891800775",
    note = "[Online; accessed 20-April-2019]"
  }
@misc{WikiMaven,
    author = "{Wikipedia contributors}",
    title = "Maven --- {Wikipedia}{,} The Free Encyclopedia",
    year = "2019",
    url = "https://en.wikipedia.org/w/index.php?title=Maven&oldid=891895724",
    note = "[Online; accessed 20-April-2019]"
  }

   @misc{Wiki5G,
    author = "{Wikipedia contributors}",
    title = "5G --- {Wikipedia}{,} The Free Encyclopedia",
    year = "2019",
    url = "https://en.wikipedia.org/w/index.php?title=5G&oldid=893232205",
    note = "[Online; accessed 20-April-2019]"
  }

//**** Website *********************************************************************************

@misc{Android,
title = "Android 开发者网站",
url="https://developer.android.google.cn"
}

@misc{JWT,
title = "Intorduction to JSON Web Tokens",
url = "https://jwt.io/introduction/"
}

@misc{Maven,
title = "Maven",
url = "https://maven.apache.org"
}

@misc{Activity,
title = "Introduction to Activities",
url = "https://developer.android.google.cn/guide/components/activities/intro-activities"}
@misc{Fragment,
title="Fragment 概览",
url="https://developer.android.google.cn/guide/components/fragments"}

@misc{Room,
title="Room Persistence Library",
url="https://developer.android.google.cn/topic/libraries/architecture/room"
}

@misc{Sqlite,
title="Sqlite",
url="https://www.sqlite.org/index.html"
}

@misc{2taobao,
title="闲鱼",
url = "https://baike.baidu.com/item/%E9%97%B2%E9%B1%BC/17335724?fr=aladdin"
}

@misc{Retrofit,
title="Retrofit, A type-safe HTTP client for Android and Java",
url="https://square.github.io/retrofit/"
}
@misc{SpringFramework,
title="Spring Framework",
url="https://spring.io/projects/spring-framework"}
@misc{SpringBoot,
title="Spring Boot",
url="https://spring.io/projects/spring-boot"}
@misc{SpringDataJPA2,
title = "Spring Data JPA",
url="https://spring.io/projects/spring-data-jpa"}
@misc{SpringSecurity,
title = "Spring Security",
url="https://spring.io/projects/spring-security"}

@misc{Gradle,
title="Gradle Features",
url="https://gradle.org/features/"}

@misc{MysqlNewFeature,
  title ="Alternative Storage Engines",
  url="https://dev.mysql.com/doc/refman/8.0/en/storage-engines.html"
}

@misc{MysqlMainFeature,
title = " TheMain Features of MySQL",
url="https://dev.mysql.com/doc/refman/8.0/en/features.html"}

//**** News ************************************************************************************

@misc{mobu,
title = "摩布图书 助力广州书香城市建设",
url ="http://gd.qq.com/a/20180502/027443.htm",
year="2018/05/02"}

@misc{BookMarketReport2018,
title = "2018 年图书零售市场规模维持两位数增长",
year = "2019/01/09",
author = "中泰证券研究所",
url = "http://pdf.dfcfw.com/pdf/H3_AP201901101283652677_1.pdf"
}

@misc{BookSales,
title="2018 中国图书零售市场，新书带动增长的作用持续下降",
url="https://www.qdaily.com/articles/60283.html",
year="2019/01/15",
author="曾梦龙"
}

@misc{5GNews,
title="What is 5G? How is it better than 4G?",
url="https://www.networkworld.com/article/3203489/what-is-5g-how-is-it-better-than-4g.html#tk.rss_all",
author="Josh Fruhlinger"
}

@misc{backendDispart,
title="前后端分离的思考与实践",
url="http://taobaofed.org/blog/2014/04/05/practice-of-separation-of-front-end-from-back-end/"}

//**** Paper ******************************************************************************************
@article{SharingEconomy,
author = {Ritter, Martin and Schanz, Heiner},
year = {2018},
month = {12},
pages = {},
title = {The sharing economy: A comprehensive business model framework},
volume = {213},
journal = {Journal of Cleaner Production},
doi = {10.1016/j.jclepro.2018.12.154}
}

@article{Airbnb,
author = {刘奕，夏杰长},
title={共享经济理论与政策研究动态},
journal = {China Academic Journal Elecronic Publishing House},
pages={116-125}
}

@article{SharingEconomy2,
title={共享经济的缘起, 界定与影响},
  author={宋逸群 and 王玉海},
  journal={教学与研究},
  volume={9},
  pages={29--36},
  year={2016}
}

@article{share2018,
  title={共享经济: 国内外文献综述与研究展望},
  author={胡静静},
  journal={改革与战略},
  volume={34},
  number={1},
  pages={134--138},
  year={2018}
}

@article{think,
author={郝飞飞},
title={对我国共享经济的审视与思考},
journal={商业经济研究},
year={2019},
issue={06},
pages={190-192},
isbn={2095-9397},
address={中国社会科学院研究生院}
}

@article{trade,
author={卢现祥},
title={共享经济：交易成本最小化、制度变革与制度供给},
year ={2016},
journal={社会科学战线},
pages={51-61}
}

@article{theory,
author={董成惠},
title={共享经济：理论与现实},
year={2016},
journal={广东财经大学学报},
pages={4-15},
}

@article{reason,
author={郑志来},
title={共享经济的成因、内涵与商业模式研究},
journal={现代经济探讨},
year ={2016},
pages ={32-36}
}

//**** Model ***************************************************************************************************
@MANUAL{pkuthss,
  AUTHOR = "CasperVector",
  TITLE = "北京大学论文文档模版~v1.2 beta",
  VERSION = "v1.2 beta",
  YEAR = "2010"
}
@MANUAL{SCUDissertationFormat,
  AUTHOR = "四川大学研究生院",
  TITLE = "四川大学硕士、博士学位论文格式",
  YEAR = "2009",
  URL = "http://gs.scu.edu.cn/DownLoadView.aspx?ID=12"
}
@BOOK{texbook,
  AUTHOR = "Donald E.\ Knuth",
  TITLE = "The \TeX{}book",
  SERIES = "Computers and Typesetting",
  VOLUME = "A",
  PUBLISHER = "Addison-Wesley",
  EDITION = "second",
  YEAR = "1984",
}
@BOOK{tlc,
  AUTHOR = "M.\ Goossens and F.\ Mittelbach and A.\ Samarin",
  TITLE = "The \LaTeX{} Companion",
  PUBLISHER = "Addison-Wesley",
  YEAR = "1994",
}

@MISC{ctex-doc,
  AUTHOR = "ctex.org",
  TITLE = "ctex~宏包说明",
  VERSION = "0.99b",
  YEAR = "2010",
}

@MISC{ctexfaq,
  AUTHOR = "吴凌云",
  TITLE = "CTEX FAQ（常见问题集）",
  VERSION = "0.4 beta",
  YEAR = "2007",
}

@MISC{graphicx-doc,
  AUTHOR = "D.\ P.\ Carlisle",
  TITLE = "Packages in the 'graphics' bundle",
  YEAR = "2005",
}

@MISC{geometry-doc,
  AUTHOR = "Hideo Umeki",
  TITLE = "The geometry package",
  VERSION = "5.3",
  YEAR = "2010",
}

@MISC{fancyhdr-doc,
  AUTHOR = "Piet van Oostrum",
  TITLE = "Page layout in \LaTeX{}",
  YEAR = "2004",
}

@MISC{hyperref-doc,
  AUTHOR = "Sebastian Rahtz and Heiko Oberdiek",
  TITLE = "Hypertext marks in \LaTeX{}: a manual for hyperref",
  YEAR = "2010",
}

@MISC{dypang,
  AUTHOR = "dypang",
  TITLE = "北京大学硕博论文模版（测试版）",
  URL = "http://bdwm.net/a.php?b/Thesis/M.1112645491.A/D10F612.rar",
  YEAR = "2005",
}

@MISC{FerretL,
  AUTHOR = "FerretL",
  TITLE = "新的pku博士论文模板",
  URL = "http://bdwm.net/a.php?b/Thesis/M.1174982168.A/4270722.rar",
  YEAR = "2007",
}

@MISC{lwolf,
  AUTHOR = "lwolf",
  TITLE = "学士(硕/博)毕业论文模板[基于dypang的模板]",
  URL = "http://bdwm.net/a.php?b/MathTools/M.1179239165.A/5A2D5A2.rar",
  YEAR = "2007",
}

@MISC{Langpku,
  AUTHOR = "Langpku",
  TITLE = "Re: 关于置底模版的问题和一些修改",
  URL = "http://bdwm.net/a.php?b/MathTools/M.1180676700.A/DBB7810.zip",
  YEAR = "2007",
}

@MISC{solvethis,
  AUTHOR = "solvethis",
  TITLE = "Re: 学位论文模板更新",
  URL = "http://bdwm.net/a.php?b/Thesis/M.1205377509.A/9413ED2.rar",
  YEAR = "2008",
}

@MISC{F11,
  AUTHOR = "北京大学研究生院",
  TITLE = "北京大学学位论文原创性声明和使用授权说明",
  URL = "http://grs.pku.edu.cn/py/content/F_11.doc",
  YEAR = "2007",
}

@INCOLLECTION{F13,
  AUTHOR = "北京大学研究生院",
  TITLE = "北京大学研究生学位论文的基本要求与书写格式",
  BOOKTITLE = "北京大学研究生手册",
  URL = "http://grs.pku.edu.cn/py/content/F_13.doc",
  PUBLISHER = "北京大学",
  YEAR = "2005",
  PAGES = "29-32",
}

